%% This BibTeX bibliography file was created using BibDesk.
%% http://bibdesk.sourceforge.net/


%% Created for Tim Jagodzinski at 2015-02-23 23:38:33 +0100 


%% Saved with string encoding Unicode (UTF-8) 



@webpage{lucene,
	Author = {The-Apache-Software-Foundation},
	Date-Added = {2015-02-23 21:46:31 +0000},
	Date-Modified = {2015-02-23 22:35:23 +0000},
	Keywords = {search, java},
	Lastchecked = {23.02.2015},
	Title = {Apache Lucene},
	Url = {http://lucene.apache.org/}}

@book{design-patterns,
	Author = {Erich Gamma and Richard Helm and Ralph E. Johnson and John Vlissides},
	Date-Added = {2015-02-20 11:30:14 +0000},
	Date-Modified = {2015-02-20 11:41:05 +0000},
	Edition = {1. Ausgabe, Neuauflage},
	Keywords = {deisgn patterns},
	Publisher = {Prentice Hall},
	Title = {Design Patterns. Elements of Reusable Object-Oriented Software.},
	Year = {1994}}

@webpage{mongodb,
	Author = {MongoDB-Inc.},
	Date-Added = {2015-02-20 11:12:07 +0000},
	Date-Modified = {2015-02-23 22:36:08 +0000},
	Keywords = {nosql, db},
	Lastchecked = {20.12.2015},
	Title = {MongoDB},
	Url = {http://www.mongodb.org}}

@webpage{spring-boot,
	Author = {Pivotal-Software},
	Date-Added = {2015-02-20 10:52:44 +0000},
	Date-Modified = {2015-02-23 22:38:33 +0000},
	Keywords = {java, web application, framework},
	Lastchecked = {20.12.2015},
	Title = {Spring Boot},
	Url = {http://projects.spring.io/spring-boot/},
	Bdsk-Url-1 = {http://projects.spring.io/spring-boot/}}

@webpage{elasticsearch,
	Author = {Elasticsearch},
	Date-Added = {2015-02-13 23:06:20 +0000},
	Date-Modified = {2015-02-23 22:38:17 +0000},
	Keywords = {search, java},
	Lastchecked = {14.02.2015},
	Title = {Elasticsearch},
	Url = {http://elasticsearch.org},
	Bdsk-Url-1 = {http://elasticsearch.org}}

@webpage{meteor,
	Author = {Meteor-Development-Group},
	Date-Added = {2015-02-13 22:57:30 +0000},
	Date-Modified = {2015-02-23 22:38:26 +0000},
	Keywords = {javascript, platform, realtime},
	Lastchecked = {14.02.2015},
	Rating = {5},
	Title = {Meteor},
	Url = {http://www.meteor.com},
	Bdsk-Url-1 = {http://www.meteor.com}}
